
		<record>
			<header>
				<identifier>oai:digicoll.lib.berkeley.edu:53895</identifier>
				<datestamp>2019-11-21T18:01:28Z</datestamp>
				<setSpec>sugoroku</setSpec>
			</header>
			<metadata>
				<marc:record xmlns:marc="http://www.loc.gov/MARC21/slim" xmlns:xsi="http://www.w3.org/2001/XMLSchema-instance" xsi:schemaLocation="http://www.loc.gov/MARC21/slim http://www.loc.gov/standards/marcxml/schema/MARC21slim.xsd" type="Bibliographic">
					<marc:leader>          22        4500</marc:leader>
					<marc:controlfield tag="001">53895</marc:controlfield>
					<marc:controlfield tag="005">20191121100128.0</marc:controlfield>
					<marc:datafield tag="035" ind1=" " ind2=" ">
						<marc:subfield code="a">(sugoroku)00019</marc:subfield>
					</marc:datafield>
					<marc:datafield tag="041" ind1=" " ind2=" ">
						<marc:subfield code="a">jpn</marc:subfield>
					</marc:datafield>
					<marc:datafield tag="245" ind1=" " ind2=" ">
						<marc:subfield code="6">880-02</marc:subfield>
						<marc:subfield code="a">Omoshiro kuruma takurae sugoroku </marc:subfield>
					</marc:datafield>
					<marc:datafield tag="246" ind1=" " ind2=" ">
						<marc:subfield code="6">880-03</marc:subfield>
						<marc:subfield code="a">Omoshiro kuruma takurae sugoroku</marc:subfield>
					</marc:datafield>
					<marc:datafield tag="246" ind1=" " ind2=" ">
						<marc:subfield code="a">Omoshiro-guruma takurae sugoroku</marc:subfield>
					</marc:datafield>
					<marc:datafield tag="246" ind1=" " ind2=" ">
						<marc:subfield code="6">880-04</marc:subfield>
						<marc:subfield code="a">Omoshiro kuruma ōkurabe sugoroku</marc:subfield>
					</marc:datafield>
					<marc:datafield tag="260" ind1=" " ind2=" ">
						<marc:subfield code="6">880-05</marc:subfield>
						<marc:subfield code="a">Uneme-chō </marc:subfield>
						<marc:subfield code="b">Yamamoto Kōichi</marc:subfield>
						<marc:subfield code="c">Meiji 13 [1880]</marc:subfield>
					</marc:datafield>
					<marc:datafield tag="269" ind1=" " ind2=" ">
						<marc:subfield code="a">1880</marc:subfield>
					</marc:datafield>
					<marc:datafield tag="300" ind1=" " ind2=" ">
						<marc:subfield code="a">1 folded sheet</marc:subfield>
						<marc:subfield code="b">color illustrations</marc:subfield>
						<marc:subfield code="c">73 x 75 cm, folded to 38 x 26 cm</marc:subfield>
					</marc:datafield>
					<marc:datafield tag="336" ind1=" " ind2=" ">
						<marc:subfield code="a">Photograph</marc:subfield>
					</marc:datafield>
					<marc:datafield tag="500" ind1=" " ind2=" ">
						<marc:subfield code="a">Folded in cover.</marc:subfield>
					</marc:datafield>
					<marc:datafield tag="500" ind1=" " ind2=" ">
						<marc:subfield code="a">Actual size: 72.7 x 74.4 cm.</marc:subfield>
					</marc:datafield>
					<marc:datafield tag="500" ind1=" " ind2=" ">
						<marc:subfield code="a">Illustration of various vocations in the Meiji period; in form of a sugoroku game board.</marc:subfield>
					</marc:datafield>
					<marc:datafield tag="650" ind1=" " ind2=" ">
						<marc:subfield code="a">Sugoroku (Game)</marc:subfield>
					</marc:datafield>
					<marc:datafield tag="650" ind1=" " ind2=" ">
						<marc:subfield code="a">Conduct of life.</marc:subfield>
					</marc:datafield>
					<marc:datafield tag="650" ind1=" " ind2=" ">
						<marc:subfield code="a">Sugoroku (Game)</marc:subfield>
					</marc:datafield>
					<marc:datafield tag="651" ind1=" " ind2=" ">
						<marc:subfield code="a">Japan -- Conduct of life -- Pictorial works.</marc:subfield>
					</marc:datafield>
					<marc:datafield tag="651" ind1=" " ind2=" ">
						<marc:subfield code="a">Japan.</marc:subfield>
					</marc:datafield>
					<marc:datafield tag="655" ind1=" " ind2=" ">
						<marc:subfield code="a">Pictorial works.</marc:subfield>
						<marc:subfield code="2">fast</marc:subfield>
					</marc:datafield>
					<marc:datafield tag="700" ind1="1" ind2=" ">
						<marc:subfield code="6">880-01</marc:subfield>
						<marc:subfield code="a">Yamamoto, Kōichi.</marc:subfield>
					</marc:datafield>
					<marc:datafield tag="852" ind1=" " ind2=" ">
						<marc:subfield code="c">East Asian Library</marc:subfield>
					</marc:datafield>
					<marc:datafield tag="856" ind1="4" ind2="1">
						<marc:subfield code="u">http://oskicat.berkeley.edu/record=b20911459</marc:subfield>
						<marc:subfield code="y">View library catalog record.</marc:subfield>
					</marc:datafield>
					<marc:datafield tag="856" ind1="4" ind2=" ">
						<marc:subfield code="y">おもしろくるまたくらへすごろく /</marc:subfield>
						<marc:subfield code="s">13517636</marc:subfield>
						<marc:subfield code="u">http://digicoll.lib.berkeley.edu/record/53895/files/UCB-39-34.jpg</marc:subfield>
					</marc:datafield>
					<marc:datafield tag="880" ind1="1" ind2=" ">
						<marc:subfield code="6">700-01</marc:subfield>
						<marc:subfield code="a">山本光一.</marc:subfield>
					</marc:datafield>
					<marc:datafield tag="880" ind1=" " ind2=" ">
						<marc:subfield code="6">245-02</marc:subfield>
						<marc:subfield code="a">おもしろくるまたくらへすごろく </marc:subfield>
					</marc:datafield>
					<marc:datafield tag="880" ind1=" " ind2=" ">
						<marc:subfield code="6">246-03</marc:subfield>
						<marc:subfield code="a">おもしろくるまたくらへ壽古路具</marc:subfield>
					</marc:datafield>
					<marc:datafield tag="880" ind1=" " ind2=" ">
						<marc:subfield code="6">246-04</marc:subfield>
						<marc:subfield code="a">おもしろくるま多くらへすごろく</marc:subfield>
					</marc:datafield>
					<marc:datafield tag="880" ind1=" " ind2=" ">
						<marc:subfield code="6">260-05</marc:subfield>
						<marc:subfield code="a">釆女町 </marc:subfield>
						<marc:subfield code="b">山本光一</marc:subfield>
						<marc:subfield code="c">明治 13 [1880]</marc:subfield>
					</marc:datafield>
					<marc:datafield tag="901" ind1=" " ind2=" ">
						<marc:subfield code="m">b20911459</marc:subfield>
						<marc:subfield code="o">870904557</marc:subfield>
					</marc:datafield>
					<marc:datafield tag="903" ind1=" " ind2=" ">
						<marc:subfield code="b">m</marc:subfield>
					</marc:datafield>
					<marc:datafield tag="909" ind1="C" ind2="O">
						<marc:subfield code="o">oai:digicoll.lib.berkeley.edu:53895</marc:subfield>
						<marc:subfield code="p">sugoroku</marc:subfield>
					</marc:datafield>
					<marc:datafield tag="912" ind1=" " ind2=" ">
						<marc:subfield code="a">おもしろくるまたくらへすごろく </marc:subfield>
					</marc:datafield>
					<marc:datafield tag="913" ind1=" " ind2=" ">
						<marc:subfield code="a">釆女町 </marc:subfield>
						<marc:subfield code="b">山本光一</marc:subfield>
						<marc:subfield code="c">明治 13 [1880]</marc:subfield>
					</marc:datafield>
					<marc:datafield tag="980" ind1=" " ind2=" ">
						<marc:subfield code="a">sugoroku</marc:subfield>
					</marc:datafield>
					<marc:datafield tag="982" ind1=" " ind2=" ">
						<marc:subfield code="a">Sugoroku</marc:subfield>
						<marc:subfield code="b">Sugoroku Game Board</marc:subfield>
					</marc:datafield>
				</marc:record>
			</metadata>
		</record>