
		<record>
			<header>
				<identifier>oai:digicoll.lib.berkeley.edu:53935</identifier>
				<datestamp>2019-11-21T18:01:28Z</datestamp>
				<setSpec>sugoroku</setSpec>
			</header>
			<metadata>
				<marc:record xmlns:marc="http://www.loc.gov/MARC21/slim" xmlns:xsi="http://www.w3.org/2001/XMLSchema-instance" xsi:schemaLocation="http://www.loc.gov/MARC21/slim http://www.loc.gov/standards/marcxml/schema/MARC21slim.xsd" type="Bibliographic">
					<marc:leader>          22        4500</marc:leader>
					<marc:controlfield tag="001">53935</marc:controlfield>
					<marc:controlfield tag="005">20191121100128.0</marc:controlfield>
					<marc:datafield tag="035" ind1=" " ind2=" ">
						<marc:subfield code="a">(sugoroku)00059</marc:subfield>
					</marc:datafield>
					<marc:datafield tag="041" ind1=" " ind2=" ">
						<marc:subfield code="a">jpn</marc:subfield>
					</marc:datafield>
					<marc:datafield tag="245" ind1=" " ind2=" ">
						<marc:subfield code="6">880-02</marc:subfield>
						<marc:subfield code="a">Tōkaidō gojūsantsugi hizakurige sugoroku </marc:subfield>
					</marc:datafield>
					<marc:datafield tag="260" ind1=" " ind2=" ">
						<marc:subfield code="6">880-03</marc:subfield>
						<marc:subfield code="a">[Edo] </marc:subfield>
						<marc:subfield code="b">Yamashiroya Jinbē</marc:subfield>
						<marc:subfield code="c">[1---]</marc:subfield>
					</marc:datafield>
					<marc:datafield tag="300" ind1=" " ind2=" ">
						<marc:subfield code="a">1 folded sheet</marc:subfield>
						<marc:subfield code="b">color illustrations</marc:subfield>
						<marc:subfield code="c">26 x 38 cm, folded to 13 x 11 cm</marc:subfield>
					</marc:datafield>
					<marc:datafield tag="336" ind1=" " ind2=" ">
						<marc:subfield code="a">Photograph</marc:subfield>
					</marc:datafield>
					<marc:datafield tag="500" ind1=" " ind2=" ">
						<marc:subfield code="a">Actual size: 25.3 x 37.2 cm.</marc:subfield>
					</marc:datafield>
					<marc:datafield tag="500" ind1=" " ind2=" ">
						<marc:subfield code="a">Illustration of the famous travel spots in Tōkaidō; in form of a sugoroku game board.</marc:subfield>
					</marc:datafield>
					<marc:datafield tag="650" ind1=" " ind2=" ">
						<marc:subfield code="a">Sugoroku (Game)</marc:subfield>
					</marc:datafield>
					<marc:datafield tag="650" ind1=" " ind2=" ">
						<marc:subfield code="a">Sugoroku (Game)</marc:subfield>
					</marc:datafield>
					<marc:datafield tag="651" ind1=" " ind2=" ">
						<marc:subfield code="a">Japan -- Pictorial works.</marc:subfield>
					</marc:datafield>
					<marc:datafield tag="651" ind1=" " ind2=" ">
						<marc:subfield code="a">Japan.</marc:subfield>
					</marc:datafield>
					<marc:datafield tag="655" ind1=" " ind2=" ">
						<marc:subfield code="a">Pictorial works.</marc:subfield>
						<marc:subfield code="2">fast</marc:subfield>
					</marc:datafield>
					<marc:datafield tag="700" ind1="1" ind2=" ">
						<marc:subfield code="6">880-01</marc:subfield>
						<marc:subfield code="a">Utagawa, Yoshitsuya,  1822-1866.</marc:subfield>
					</marc:datafield>
					<marc:datafield tag="852" ind1=" " ind2=" ">
						<marc:subfield code="c">East Asian Library</marc:subfield>
					</marc:datafield>
					<marc:datafield tag="856" ind1="4" ind2="1">
						<marc:subfield code="u">http://oskicat.berkeley.edu/record=b17641760</marc:subfield>
						<marc:subfield code="y">View library catalog record.</marc:subfield>
					</marc:datafield>
					<marc:datafield tag="856" ind1="4" ind2=" ">
						<marc:subfield code="y">東海道五十三治膝栗毛双六 /</marc:subfield>
						<marc:subfield code="s">3366612</marc:subfield>
						<marc:subfield code="u">http://digicoll.lib.berkeley.edu/record/53935/files/UCB-A992-C037.jpg</marc:subfield>
					</marc:datafield>
					<marc:datafield tag="880" ind1="1" ind2=" ">
						<marc:subfield code="6">700-01</marc:subfield>
						<marc:subfield code="a">歌川芳艶,  1822-1866.</marc:subfield>
					</marc:datafield>
					<marc:datafield tag="880" ind1=" " ind2=" ">
						<marc:subfield code="6">245-02</marc:subfield>
						<marc:subfield code="a">東海道五十三治膝栗毛双六 </marc:subfield>
					</marc:datafield>
					<marc:datafield tag="880" ind1=" " ind2=" ">
						<marc:subfield code="6">260-03</marc:subfield>
						<marc:subfield code="a">[江戶] </marc:subfield>
						<marc:subfield code="b">山城屋甚兵衛</marc:subfield>
						<marc:subfield code="c">[1---]</marc:subfield>
					</marc:datafield>
					<marc:datafield tag="901" ind1=" " ind2=" ">
						<marc:subfield code="m">b17641760</marc:subfield>
						<marc:subfield code="o">429705047</marc:subfield>
					</marc:datafield>
					<marc:datafield tag="903" ind1=" " ind2=" ">
						<marc:subfield code="b">m</marc:subfield>
					</marc:datafield>
					<marc:datafield tag="909" ind1="C" ind2="O">
						<marc:subfield code="o">oai:digicoll.lib.berkeley.edu:53935</marc:subfield>
						<marc:subfield code="p">sugoroku</marc:subfield>
					</marc:datafield>
					<marc:datafield tag="912" ind1=" " ind2=" ">
						<marc:subfield code="a">東海道五十三治膝栗毛双六 </marc:subfield>
					</marc:datafield>
					<marc:datafield tag="913" ind1=" " ind2=" ">
						<marc:subfield code="a">[江戶] </marc:subfield>
						<marc:subfield code="b">山城屋甚兵衛</marc:subfield>
						<marc:subfield code="c">[1---]</marc:subfield>
					</marc:datafield>
					<marc:datafield tag="980" ind1=" " ind2=" ">
						<marc:subfield code="a">sugoroku</marc:subfield>
					</marc:datafield>
					<marc:datafield tag="982" ind1=" " ind2=" ">
						<marc:subfield code="a">Sugoroku</marc:subfield>
						<marc:subfield code="b">Sugoroku Game Board</marc:subfield>
					</marc:datafield>
				</marc:record>
			</metadata>
		</record>