
		<record>
			<header>
				<identifier>oai:digicoll.lib.berkeley.edu:53936</identifier>
				<datestamp>2019-11-21T18:01:28Z</datestamp>
				<setSpec>sugoroku</setSpec>
			</header>
			<metadata>
				<marc:record xmlns:marc="http://www.loc.gov/MARC21/slim" xmlns:xsi="http://www.w3.org/2001/XMLSchema-instance" xsi:schemaLocation="http://www.loc.gov/MARC21/slim http://www.loc.gov/standards/marcxml/schema/MARC21slim.xsd" type="Bibliographic">
					<marc:leader>          22        4500</marc:leader>
					<marc:controlfield tag="001">53936</marc:controlfield>
					<marc:controlfield tag="005">20191121100128.0</marc:controlfield>
					<marc:datafield tag="035" ind1=" " ind2=" ">
						<marc:subfield code="a">(sugoroku)00060</marc:subfield>
					</marc:datafield>
					<marc:datafield tag="041" ind1=" " ind2=" ">
						<marc:subfield code="a">jpn</marc:subfield>
					</marc:datafield>
					<marc:datafield tag="245" ind1=" " ind2=" ">
						<marc:subfield code="6">880-02</marc:subfield>
						<marc:subfield code="a">Tōkaidō gojūsantsugi kokkei sugoroku </marc:subfield>
					</marc:datafield>
					<marc:datafield tag="260" ind1=" " ind2=" ">
						<marc:subfield code="a">[Japan] </marc:subfield>
						<marc:subfield code="b">[publisher not identified]</marc:subfield>
						<marc:subfield code="c">[1---]</marc:subfield>
					</marc:datafield>
					<marc:datafield tag="300" ind1=" " ind2=" ">
						<marc:subfield code="a">1 folded sheet</marc:subfield>
						<marc:subfield code="b">color illustrations</marc:subfield>
						<marc:subfield code="c">46 x 70 cm, folded to 26 x 18 cm</marc:subfield>
					</marc:datafield>
					<marc:datafield tag="336" ind1=" " ind2=" ">
						<marc:subfield code="a">Photograph</marc:subfield>
					</marc:datafield>
					<marc:datafield tag="500" ind1=" " ind2=" ">
						<marc:subfield code="a">Illustration of the famous travel spots in Tōkaidō; in form of a sugoroku game board.</marc:subfield>
					</marc:datafield>
					<marc:datafield tag="650" ind1=" " ind2=" ">
						<marc:subfield code="a">Sugoroku (Game)</marc:subfield>
					</marc:datafield>
					<marc:datafield tag="650" ind1=" " ind2=" ">
						<marc:subfield code="a">Sugoroku (Game)</marc:subfield>
					</marc:datafield>
					<marc:datafield tag="651" ind1=" " ind2=" ">
						<marc:subfield code="a">Japan -- Pictorial works.</marc:subfield>
					</marc:datafield>
					<marc:datafield tag="651" ind1=" " ind2=" ">
						<marc:subfield code="a">Japan.</marc:subfield>
					</marc:datafield>
					<marc:datafield tag="655" ind1=" " ind2=" ">
						<marc:subfield code="a">Pictorial works.</marc:subfield>
						<marc:subfield code="2">fast</marc:subfield>
					</marc:datafield>
					<marc:datafield tag="700" ind1="1" ind2=" ">
						<marc:subfield code="6">880-01</marc:subfield>
						<marc:subfield code="a">Utagawa, Yoshitsuya,  1822-1866.</marc:subfield>
					</marc:datafield>
					<marc:datafield tag="852" ind1=" " ind2=" ">
						<marc:subfield code="c">East Asian Library</marc:subfield>
					</marc:datafield>
					<marc:datafield tag="856" ind1="4" ind2="1">
						<marc:subfield code="u">http://oskicat.berkeley.edu/record=b17676438</marc:subfield>
						<marc:subfield code="y">View library catalog record.</marc:subfield>
					</marc:datafield>
					<marc:datafield tag="856" ind1="4" ind2=" ">
						<marc:subfield code="y">東海道五十三次滑稽双六 /</marc:subfield>
						<marc:subfield code="s">21478890</marc:subfield>
						<marc:subfield code="u">http://digicoll.lib.berkeley.edu/record/53936/files/UCB-A992-C038.jpg</marc:subfield>
					</marc:datafield>
					<marc:datafield tag="880" ind1="1" ind2=" ">
						<marc:subfield code="6">700-01</marc:subfield>
						<marc:subfield code="a">歌川芳艶,  1822-1866.</marc:subfield>
					</marc:datafield>
					<marc:datafield tag="880" ind1=" " ind2=" ">
						<marc:subfield code="6">245-02</marc:subfield>
						<marc:subfield code="a">東海道五十三次滑稽双六 </marc:subfield>
					</marc:datafield>
					<marc:datafield tag="901" ind1=" " ind2=" ">
						<marc:subfield code="m">b17676438</marc:subfield>
						<marc:subfield code="o">463654377</marc:subfield>
					</marc:datafield>
					<marc:datafield tag="903" ind1=" " ind2=" ">
						<marc:subfield code="b">m</marc:subfield>
					</marc:datafield>
					<marc:datafield tag="909" ind1="C" ind2="O">
						<marc:subfield code="o">oai:digicoll.lib.berkeley.edu:53936</marc:subfield>
						<marc:subfield code="p">sugoroku</marc:subfield>
					</marc:datafield>
					<marc:datafield tag="912" ind1=" " ind2=" ">
						<marc:subfield code="a">東海道五十三次滑稽双六 </marc:subfield>
					</marc:datafield>
					<marc:datafield tag="980" ind1=" " ind2=" ">
						<marc:subfield code="a">sugoroku</marc:subfield>
					</marc:datafield>
					<marc:datafield tag="982" ind1=" " ind2=" ">
						<marc:subfield code="a">Sugoroku</marc:subfield>
						<marc:subfield code="b">Sugoroku Game Board</marc:subfield>
					</marc:datafield>
				</marc:record>
			</metadata>
		</record>