
		<record>
			<header>
				<identifier>oai:digicoll.lib.berkeley.edu:53941</identifier>
				<datestamp>2019-11-21T18:01:28Z</datestamp>
				<setSpec>sugoroku</setSpec>
			</header>
			<metadata>
				<marc:record xmlns:marc="http://www.loc.gov/MARC21/slim" xmlns:xsi="http://www.w3.org/2001/XMLSchema-instance" xsi:schemaLocation="http://www.loc.gov/MARC21/slim http://www.loc.gov/standards/marcxml/schema/MARC21slim.xsd" type="Bibliographic">
					<marc:leader>          22        4500</marc:leader>
					<marc:controlfield tag="001">53941</marc:controlfield>
					<marc:controlfield tag="005">20191121100128.0</marc:controlfield>
					<marc:datafield tag="035" ind1=" " ind2=" ">
						<marc:subfield code="a">(sugoroku)00065</marc:subfield>
					</marc:datafield>
					<marc:datafield tag="041" ind1=" " ind2=" ">
						<marc:subfield code="a">jpn</marc:subfield>
					</marc:datafield>
					<marc:datafield tag="245" ind1=" " ind2=" ">
						<marc:subfield code="6">880-01</marc:subfield>
						<marc:subfield code="a">Tōkaidō gojūsantsugi dōchū sugoroku.</marc:subfield>
					</marc:datafield>
					<marc:datafield tag="260" ind1=" " ind2=" ">
						<marc:subfield code="a">[Japan] </marc:subfield>
						<marc:subfield code="b">[publisher not identified]</marc:subfield>
						<marc:subfield code="c">[between 1600 and 1868]</marc:subfield>
					</marc:datafield>
					<marc:datafield tag="269" ind1=" " ind2=" ">
						<marc:subfield code="a">1600</marc:subfield>
					</marc:datafield>
					<marc:datafield tag="300" ind1=" " ind2=" ">
						<marc:subfield code="a">1 folded sheet</marc:subfield>
						<marc:subfield code="b">color illustrations</marc:subfield>
						<marc:subfield code="c">38 x 52 cm, folded to 19 x 26 cm</marc:subfield>
					</marc:datafield>
					<marc:datafield tag="336" ind1=" " ind2=" ">
						<marc:subfield code="a">Photograph</marc:subfield>
					</marc:datafield>
					<marc:datafield tag="500" ind1=" " ind2=" ">
						<marc:subfield code="a">Actual size: 37.3 x 51.2 cm.</marc:subfield>
					</marc:datafield>
					<marc:datafield tag="500" ind1=" " ind2=" ">
						<marc:subfield code="a">Title hand-written on a piece mounted on verso of sugoroku.</marc:subfield>
					</marc:datafield>
					<marc:datafield tag="500" ind1=" " ind2=" ">
						<marc:subfield code="a">Illustration of the famous travel spots in Tōkaidō; in form of a sugoroku game board.</marc:subfield>
					</marc:datafield>
					<marc:datafield tag="650" ind1=" " ind2=" ">
						<marc:subfield code="a">Sugoroku (Game)</marc:subfield>
					</marc:datafield>
					<marc:datafield tag="650" ind1=" " ind2=" ">
						<marc:subfield code="a">Sugoroku (Game)</marc:subfield>
					</marc:datafield>
					<marc:datafield tag="651" ind1=" " ind2=" ">
						<marc:subfield code="a">Japan -- Pictorial works.</marc:subfield>
					</marc:datafield>
					<marc:datafield tag="651" ind1=" " ind2=" ">
						<marc:subfield code="a">Japan.</marc:subfield>
					</marc:datafield>
					<marc:datafield tag="655" ind1=" " ind2=" ">
						<marc:subfield code="a">Pictorial works.</marc:subfield>
						<marc:subfield code="2">fast</marc:subfield>
					</marc:datafield>
					<marc:datafield tag="852" ind1=" " ind2=" ">
						<marc:subfield code="c">East Asian Library</marc:subfield>
					</marc:datafield>
					<marc:datafield tag="856" ind1="4" ind2="1">
						<marc:subfield code="u">http://oskicat.berkeley.edu/record=b17678576</marc:subfield>
						<marc:subfield code="y">View library catalog record.</marc:subfield>
					</marc:datafield>
					<marc:datafield tag="856" ind1="4" ind2=" ">
						<marc:subfield code="y">東海道五十三次道中双六.</marc:subfield>
						<marc:subfield code="s">9922594</marc:subfield>
						<marc:subfield code="u">http://digicoll.lib.berkeley.edu/record/53941/files/UCB-A992-C043.jpg</marc:subfield>
					</marc:datafield>
					<marc:datafield tag="880" ind1=" " ind2=" ">
						<marc:subfield code="6">245-01</marc:subfield>
						<marc:subfield code="a">東海道五十三次道中双六.</marc:subfield>
					</marc:datafield>
					<marc:datafield tag="901" ind1=" " ind2=" ">
						<marc:subfield code="m">b17678576</marc:subfield>
						<marc:subfield code="o">464733128</marc:subfield>
					</marc:datafield>
					<marc:datafield tag="903" ind1=" " ind2=" ">
						<marc:subfield code="b">m</marc:subfield>
					</marc:datafield>
					<marc:datafield tag="909" ind1="C" ind2="O">
						<marc:subfield code="o">oai:digicoll.lib.berkeley.edu:53941</marc:subfield>
						<marc:subfield code="p">sugoroku</marc:subfield>
					</marc:datafield>
					<marc:datafield tag="912" ind1=" " ind2=" ">
						<marc:subfield code="a">東海道五十三次道中双六.</marc:subfield>
					</marc:datafield>
					<marc:datafield tag="980" ind1=" " ind2=" ">
						<marc:subfield code="a">sugoroku</marc:subfield>
					</marc:datafield>
					<marc:datafield tag="982" ind1=" " ind2=" ">
						<marc:subfield code="a">Sugoroku</marc:subfield>
						<marc:subfield code="b">Sugoroku Game Board</marc:subfield>
					</marc:datafield>
				</marc:record>
			</metadata>
		</record>