
		<record>
			<header>
				<identifier>oai:digicoll.lib.berkeley.edu:53961</identifier>
				<datestamp>2019-11-21T18:01:28Z</datestamp>
				<setSpec>sugoroku</setSpec>
			</header>
			<metadata>
				<marc:record xmlns:marc="http://www.loc.gov/MARC21/slim" xmlns:xsi="http://www.w3.org/2001/XMLSchema-instance" xsi:schemaLocation="http://www.loc.gov/MARC21/slim http://www.loc.gov/standards/marcxml/schema/MARC21slim.xsd" type="Bibliographic">
					<marc:leader>          22        4500</marc:leader>
					<marc:controlfield tag="001">53961</marc:controlfield>
					<marc:controlfield tag="005">20191121100128.0</marc:controlfield>
					<marc:datafield tag="035" ind1=" " ind2=" ">
						<marc:subfield code="a">(sugoroku)00085</marc:subfield>
					</marc:datafield>
					<marc:datafield tag="041" ind1=" " ind2=" ">
						<marc:subfield code="a">jpn</marc:subfield>
					</marc:datafield>
					<marc:datafield tag="245" ind1=" " ind2=" ">
						<marc:subfield code="6">880-02</marc:subfield>
						<marc:subfield code="a">Daishinpan Ise sangū mawari sugoroku </marc:subfield>
					</marc:datafield>
					<marc:datafield tag="246" ind1=" " ind2=" ">
						<marc:subfield code="6">880-03</marc:subfield>
						<marc:subfield code="a">Ise sangū mawari sugoroku</marc:subfield>
					</marc:datafield>
					<marc:datafield tag="260" ind1=" " ind2=" ">
						<marc:subfield code="6">880-04</marc:subfield>
						<marc:subfield code="a">Kyō Matsubara </marc:subfield>
						<marc:subfield code="b">Honya Kichibē han</marc:subfield>
						<marc:subfield code="c">[between 1600 and 1986]</marc:subfield>
					</marc:datafield>
					<marc:datafield tag="269" ind1=" " ind2=" ">
						<marc:subfield code="a">1600</marc:subfield>
					</marc:datafield>
					<marc:datafield tag="300" ind1=" " ind2=" ">
						<marc:subfield code="a">1 folded sheet</marc:subfield>
						<marc:subfield code="b">color illustrations</marc:subfield>
						<marc:subfield code="c">33 x 45 cm, folded to 17 x 24 cm</marc:subfield>
					</marc:datafield>
					<marc:datafield tag="336" ind1=" " ind2=" ">
						<marc:subfield code="a">Photograph</marc:subfield>
					</marc:datafield>
					<marc:datafield tag="500" ind1=" " ind2=" ">
						<marc:subfield code="a">Illustration of Ise pligrimages in the Edo period; in form of a sugoroku game board.</marc:subfield>
					</marc:datafield>
					<marc:datafield tag="500" ind1=" " ind2=" ">
						<marc:subfield code="a">Actual size: 32.5 x 45 cm.</marc:subfield>
					</marc:datafield>
					<marc:datafield tag="650" ind1=" " ind2=" ">
						<marc:subfield code="a">Sugoroku (Game)</marc:subfield>
					</marc:datafield>
					<marc:datafield tag="650" ind1=" " ind2=" ">
						<marc:subfield code="a">Sugoroku (Game)</marc:subfield>
					</marc:datafield>
					<marc:datafield tag="651" ind1=" " ind2=" ">
						<marc:subfield code="a">Japan -- Pictorial works.</marc:subfield>
					</marc:datafield>
					<marc:datafield tag="651" ind1=" " ind2=" ">
						<marc:subfield code="a">Japan.</marc:subfield>
					</marc:datafield>
					<marc:datafield tag="655" ind1=" " ind2=" ">
						<marc:subfield code="a">Pictorial works.</marc:subfield>
						<marc:subfield code="2">fast</marc:subfield>
					</marc:datafield>
					<marc:datafield tag="700" ind1="1" ind2=" ">
						<marc:subfield code="6">880-01</marc:subfield>
						<marc:subfield code="a">Kurokawa, Gyokusui.</marc:subfield>
					</marc:datafield>
					<marc:datafield tag="852" ind1=" " ind2=" ">
						<marc:subfield code="c">East Asian Library</marc:subfield>
					</marc:datafield>
					<marc:datafield tag="856" ind1="4" ind2="1">
						<marc:subfield code="u">http://oskicat.berkeley.edu/record=b17670947</marc:subfield>
						<marc:subfield code="y">View library catalog record.</marc:subfield>
					</marc:datafield>
					<marc:datafield tag="856" ind1="4" ind2=" ">
						<marc:subfield code="y">大新板伊勢参宮廻双六 /</marc:subfield>
						<marc:subfield code="s">3922987</marc:subfield>
						<marc:subfield code="u">http://digicoll.lib.berkeley.edu/record/53961/files/UCB-A992-C067.jpg</marc:subfield>
					</marc:datafield>
					<marc:datafield tag="880" ind1="1" ind2=" ">
						<marc:subfield code="6">700-01</marc:subfield>
						<marc:subfield code="a">黒川玉水.</marc:subfield>
					</marc:datafield>
					<marc:datafield tag="880" ind1=" " ind2=" ">
						<marc:subfield code="6">245-02</marc:subfield>
						<marc:subfield code="a">大新板伊勢参宮廻双六 </marc:subfield>
					</marc:datafield>
					<marc:datafield tag="880" ind1=" " ind2=" ">
						<marc:subfield code="6">246-03</marc:subfield>
						<marc:subfield code="a">伊勢参宮廻双六</marc:subfield>
					</marc:datafield>
					<marc:datafield tag="880" ind1=" " ind2=" ">
						<marc:subfield code="6">260-04</marc:subfield>
						<marc:subfield code="a">京松原 </marc:subfield>
						<marc:subfield code="b">本屋吉兵衛板</marc:subfield>
						<marc:subfield code="c">[between 1600 and 1986]</marc:subfield>
					</marc:datafield>
					<marc:datafield tag="901" ind1=" " ind2=" ">
						<marc:subfield code="m">b17670947</marc:subfield>
						<marc:subfield code="o">458632951</marc:subfield>
					</marc:datafield>
					<marc:datafield tag="903" ind1=" " ind2=" ">
						<marc:subfield code="b">m</marc:subfield>
					</marc:datafield>
					<marc:datafield tag="909" ind1="C" ind2="O">
						<marc:subfield code="o">oai:digicoll.lib.berkeley.edu:53961</marc:subfield>
						<marc:subfield code="p">sugoroku</marc:subfield>
					</marc:datafield>
					<marc:datafield tag="912" ind1=" " ind2=" ">
						<marc:subfield code="a">大新板伊勢参宮廻双六 </marc:subfield>
					</marc:datafield>
					<marc:datafield tag="913" ind1=" " ind2=" ">
						<marc:subfield code="a">京松原 </marc:subfield>
						<marc:subfield code="b">本屋吉兵衛板</marc:subfield>
						<marc:subfield code="c">[between 1600 and 1986]</marc:subfield>
					</marc:datafield>
					<marc:datafield tag="980" ind1=" " ind2=" ">
						<marc:subfield code="a">sugoroku</marc:subfield>
					</marc:datafield>
					<marc:datafield tag="982" ind1=" " ind2=" ">
						<marc:subfield code="a">Sugoroku</marc:subfield>
						<marc:subfield code="b">Sugoroku Game Board</marc:subfield>
					</marc:datafield>
				</marc:record>
			</metadata>
		</record>