
		<record>
			<header>
				<identifier>oai:digicoll.lib.berkeley.edu:53965</identifier>
				<datestamp>2019-11-21T18:01:28Z</datestamp>
				<setSpec>sugoroku</setSpec>
			</header>
			<metadata>
				<marc:record xmlns:marc="http://www.loc.gov/MARC21/slim" xmlns:xsi="http://www.w3.org/2001/XMLSchema-instance" xsi:schemaLocation="http://www.loc.gov/MARC21/slim http://www.loc.gov/standards/marcxml/schema/MARC21slim.xsd" type="Bibliographic">
					<marc:leader>          22        4500</marc:leader>
					<marc:controlfield tag="001">53965</marc:controlfield>
					<marc:controlfield tag="005">20191121100128.0</marc:controlfield>
					<marc:datafield tag="035" ind1=" " ind2=" ">
						<marc:subfield code="a">(sugoroku)00089</marc:subfield>
					</marc:datafield>
					<marc:datafield tag="041" ind1=" " ind2=" ">
						<marc:subfield code="a">jpn</marc:subfield>
					</marc:datafield>
					<marc:datafield tag="245" ind1=" " ind2=" ">
						<marc:subfield code="6">880-02</marc:subfield>
						<marc:subfield code="a">Edo no hana shirōto jōruri nayose meisho sugoroku </marc:subfield>
					</marc:datafield>
					<marc:datafield tag="246" ind1=" " ind2=" ">
						<marc:subfield code="6">880-03</marc:subfield>
						<marc:subfield code="a">Edo no hana shirōto jōruri nayose meisho sugoroku</marc:subfield>
					</marc:datafield>
					<marc:datafield tag="260" ind1=" " ind2=" ">
						<marc:subfield code="6">880-04</marc:subfield>
						<marc:subfield code="a">[Japan] </marc:subfield>
						<marc:subfield code="b">[publisher not identified]</marc:subfield>
						<marc:subfield code="c">Tenpō 4 [1833]</marc:subfield>
					</marc:datafield>
					<marc:datafield tag="269" ind1=" " ind2=" ">
						<marc:subfield code="a">1833</marc:subfield>
					</marc:datafield>
					<marc:datafield tag="300" ind1=" " ind2=" ">
						<marc:subfield code="a">1 folded sheet</marc:subfield>
						<marc:subfield code="b">color illustrations</marc:subfield>
						<marc:subfield code="c">91 x 68 cm, folded to 23 x 18 cm</marc:subfield>
					</marc:datafield>
					<marc:datafield tag="336" ind1=" " ind2=" ">
						<marc:subfield code="a">Photograph</marc:subfield>
					</marc:datafield>
					<marc:datafield tag="500" ind1=" " ind2=" ">
						<marc:subfield code="a">Reinforced cover pasted on verso of sugoroku.</marc:subfield>
					</marc:datafield>
					<marc:datafield tag="500" ind1=" " ind2=" ">
						<marc:subfield code="a">List of amateur Joruri players in the Edo peiod; in form of a sugoroku game board.</marc:subfield>
					</marc:datafield>
					<marc:datafield tag="650" ind1=" " ind2=" ">
						<marc:subfield code="a">Jōruri.</marc:subfield>
					</marc:datafield>
					<marc:datafield tag="650" ind1=" " ind2=" ">
						<marc:subfield code="a">Sugoroku (Game)</marc:subfield>
					</marc:datafield>
					<marc:datafield tag="650" ind1=" " ind2=" ">
						<marc:subfield code="a">Jōruri.</marc:subfield>
					</marc:datafield>
					<marc:datafield tag="650" ind1=" " ind2=" ">
						<marc:subfield code="a">Sugoroku (Game)</marc:subfield>
					</marc:datafield>
					<marc:datafield tag="700" ind1="1" ind2=" ">
						<marc:subfield code="6">880-01</marc:subfield>
						<marc:subfield code="a">Katsukawa, Shuntoku.</marc:subfield>
					</marc:datafield>
					<marc:datafield tag="852" ind1=" " ind2=" ">
						<marc:subfield code="c">East Asian Library</marc:subfield>
					</marc:datafield>
					<marc:datafield tag="856" ind1="4" ind2="1">
						<marc:subfield code="u">http://oskicat.berkeley.edu/record=b17645113</marc:subfield>
						<marc:subfield code="y">View library catalog record.</marc:subfield>
					</marc:datafield>
					<marc:datafield tag="856" ind1="4" ind2=" ">
						<marc:subfield code="y">江戶の花素人浄瑠璃名寄名所雙六 /</marc:subfield>
						<marc:subfield code="s">19545440</marc:subfield>
						<marc:subfield code="u">http://digicoll.lib.berkeley.edu/record/53965/files/UCB-A992-C072.jpg</marc:subfield>
					</marc:datafield>
					<marc:datafield tag="880" ind1="1" ind2=" ">
						<marc:subfield code="6">700-01</marc:subfield>
						<marc:subfield code="a">勝川春徳.</marc:subfield>
					</marc:datafield>
					<marc:datafield tag="880" ind1=" " ind2=" ">
						<marc:subfield code="6">245-02</marc:subfield>
						<marc:subfield code="a">江戶の花素人浄瑠璃名寄名所雙六 </marc:subfield>
					</marc:datafield>
					<marc:datafield tag="880" ind1=" " ind2=" ">
						<marc:subfield code="6">246-03</marc:subfield>
						<marc:subfield code="a">江戸の花素人浄瑠璃名寄名所双六</marc:subfield>
					</marc:datafield>
					<marc:datafield tag="880" ind1=" " ind2=" ">
						<marc:subfield code="6">260-04</marc:subfield>
						<marc:subfield code="a">[Japan] </marc:subfield>
						<marc:subfield code="b">[publisher not identified]</marc:subfield>
						<marc:subfield code="c">天保 4 [1833]</marc:subfield>
					</marc:datafield>
					<marc:datafield tag="901" ind1=" " ind2=" ">
						<marc:subfield code="m">b17645113</marc:subfield>
						<marc:subfield code="o">430535806</marc:subfield>
					</marc:datafield>
					<marc:datafield tag="903" ind1=" " ind2=" ">
						<marc:subfield code="b">m</marc:subfield>
					</marc:datafield>
					<marc:datafield tag="909" ind1="C" ind2="O">
						<marc:subfield code="o">oai:digicoll.lib.berkeley.edu:53965</marc:subfield>
						<marc:subfield code="p">sugoroku</marc:subfield>
					</marc:datafield>
					<marc:datafield tag="912" ind1=" " ind2=" ">
						<marc:subfield code="a">江戶の花素人浄瑠璃名寄名所雙六 </marc:subfield>
					</marc:datafield>
					<marc:datafield tag="913" ind1=" " ind2=" ">
						<marc:subfield code="a">[Japan] </marc:subfield>
						<marc:subfield code="b">[publisher not identified]</marc:subfield>
						<marc:subfield code="c">天保 4 [1833]</marc:subfield>
					</marc:datafield>
					<marc:datafield tag="980" ind1=" " ind2=" ">
						<marc:subfield code="a">sugoroku</marc:subfield>
					</marc:datafield>
					<marc:datafield tag="982" ind1=" " ind2=" ">
						<marc:subfield code="a">Sugoroku</marc:subfield>
						<marc:subfield code="b">Sugoroku Game Board</marc:subfield>
					</marc:datafield>
				</marc:record>
			</metadata>
		</record>